<?xml version="1.0" encoding="UTF-8"?><collection xmlns="http://www.loc.gov/MARC21/slim"><record><leader>00654nam--2200217-u-4500</leader><controlfield tag="001">000050722</controlfield><controlfield tag="002">20161230</controlfield><controlfield tag="005">20161230201048</controlfield><controlfield tag="008">080324s1000------------r-----000-0-eng-d</controlfield><datafield ind1=" " ind2=" " tag="020"><subfield code="a">978-0-19-852074-0</subfield></datafield><datafield ind1=" " ind2=" " tag="040"><subfield code="a">IFIN-HH</subfield></datafield><datafield ind1=" " ind2=" " tag="080"><subfield code="a">530.14:519.2:537.8</subfield></datafield><datafield ind1="1" ind2=" " tag="100"><subfield code="a">Maggiore,Michele</subfield></datafield><datafield ind1="1" ind2="0" tag="245"><subfield code="a">A Modern Introduction to Quantum Field Theory</subfield><subfield code="c">Michele Maggiore</subfield></datafield><datafield ind1=" " ind2=" " tag="260"><subfield code="a">Oxford</subfield><subfield code="b">Oxford University Press</subfield><subfield code="c">2005</subfield></datafield><datafield ind1=" " ind2=" " tag="300"><subfield code="a">291 p</subfield></datafield><datafield ind1=" " ind2=" " tag="490"><subfield code="a">Oxford Master Series in Statitical, Computational, and Theoretical Physics</subfield></datafield><datafield ind1=" " ind2=" " tag="504"><subfield code="a">Includes Index</subfield></datafield><datafield ind1=" " ind2="4" tag="650"><subfield code="a">Classical Field Theory</subfield></datafield><datafield ind1=" " ind2=" " tag="852"><subfield code="c">530.145</subfield></datafield><datafield ind1=" " ind2=" " tag="CAT"><subfield code="a">Sys</subfield><subfield code="c">20110404</subfield><subfield code="h">145307</subfield></datafield></record></collection>